@misc{designdokument,
    author  = "",
    title   = "",
    year    = "",
    note = "",
    }     

@article{Xarticle,
    author    = "",
    title     = "",
    journal   = "",
    volume   = "",
    number   = "",
    pages    = "",
    date        = "2015",
    year      = "2015",
    month    = "",
    note     = "",
}

@book{Xbook,
    author    = "",
    title     = "",
    publisher = "",
    volume   = "",
    number   = "",
    series   = "",
    address  = "",
    edition  = "",
    year      = "2015",
    month    = "",
    note     = "",
}




    
    @article{Tverrfaglig_LMG_hos_eldre_i_sykehjem,
    author    = "Englin,Andreas and Salthammer,Halvor K. and H.Rosenkvist,Stine and Amlie,Kristine and Kamalanathan,Sanchuthan and Lillelien,Lisa ",
    title     = "Tverrfaglig legemiddelgjennomgang hos eldre i sykehjem",
    journal   = "",
    volume   = "",
    number   = "",
    pages    = "",
    date        = "2011",
    year      = "2011",
    month    = "",
    note     = "",
}
    @misc{Legemiddelverket_LMG,
    author  = "Legemiddelverket",
    title   = "Legemiddelgjennomgang",
    year    = "2014",
    note = "\url{http://www.legemiddelverket.no/Bruk_og_raad/Raad_til_helsepersonell/Legemiddelgjennomgang/Sider/default.aspx}",
    }
    
    
     @misc{Helsedirektoratet_veileder_LMG,
    author  = "Helsedirektoratet",
    title   = "Veileder om legemiddelgjennomganger",
    year    = "2012",
    note = "\url{http://www.legemiddelverket.no/Bruk_og_raad/Raad_til_helsepersonell/Legemiddelgjennomgang/Documents/Veileder-legemiddelgjennomgang-IS-1998.pdf}",
    }
    
     @misc{Stortingsmelding_nr18,
    author  = "Stortinget",
    title   = "Stortingsmelding nr 18",
    year    = "2005",
    note = "\url{https://www.regjeringen.no/no/dokumenter/stmeld-nr-18-2004-2005-/id406517/}",
    }
    
    @misc{Elderly_patients_in_general_practice,
    author  = "Straand,Jørund and Skinlo Rokstad,Kirsten ",
    title   = "Elderly patients in general practice: diagnoses, drugs and inappropriate prescriptions.",
    year    = "1999",
    note = "\url{http://fampra.oxfordjournals.org/content/16/4/380.full}",
    }
    
    @misc{NORGEP,
    author  = "Rognstad,Sture and Brekke,Mette and Fetveit,Arne and Spigset,Olav and Bruun and Wyller,Torgeir and Straand,Jørund",
    title   = "The Norwegian General Practice (NORGEP) criteria for assessing potentially inappropriate prescriptions to elderly patients",
    year    = "2009",
    note = "\url{http://www.ncbi.nlm.nih.gov/pmc/articles/PMC3413187/}",
    }
    
    @misc{Inappropriate_Prescribing_for_Elderly_Americans,
    author  = "Curtis, Lesley H. and Østbye,Truls and Sendersky,Veronica and Hutchison,Steve and Dans,Peter E. and Wright,Alan and Woosley,Raymond L. and Schulman,Kevin A.",
    title   = "Inappropriate Prescribing for Elderly Americans in a Large Outpatient Population",
    year    = "2004",
    note = " \url{http://archinte.jamanetwork.com/article.aspx?articleid=760479}",
    }
   
    
    
    
    
@misc{webprimer,
    author  = "Antoniou,Grigoris and Groth,Paul and van Harmelen,Frank and Hoekstra,Rinke",
    title   = "A Semantic Web Primer",
    year    = "2012",
    note = "",
    }  
@misc{W3C_semantic_web,
    author  = "W3C",
    title   = "W3C Semantic Web FAQ",
    year    = "2009",
    note = "\url{http://www.w3.org/RDF/FAQ}",
    }  
@misc{W3C_HCLSIG,
    author  = "W3C",
    title   = "Semantic Web Health Care and Life Sciences Interest Group Charter",
    year    = "2008",
    note = "\url{http://www.w3.org/2008/05/HCLSIGCharter.html}",
    }  
    
@misc{Health_interoptability_HL7_SNOMED,
    author  = "Benson, Tim",
    title   = "Principles of Health Interoperability HL7 and SNOMED",
    year    = "2012",
    note = "{ISBN: 978-1-4471-2800-7}",
    }  

@misc{Snow_owl,
    author  = "B2i",
    title   = "Snow Owl terminology IDE",
    year    = "2015",
    note = "\url{http://b2i.sg/terminology-ide/}",
    }
    
@misc{IHTSDO_members,
    author  = "IHTSDO",
    title   = "Members",
    year    = "2016",
    note = "\url{http://www.ihtsdo.org/members/}",
    }  
    
@misc{KITH_SNOMED-CT,
    author  = "Ven, Jostein",
    title   = "SNOMED CT: Status for 9 land og anbefaling for videre arbeid i Norge",
    year    = "2009",
    note = "\url{http://www.kith.no/upload/4932/R06-09SNOMED-CT_Status-anbefaling-2008.pdf}",
    }  
    
@misc{Dips_OpenEHR,
    author  = "From, Sigurd",
    title   = "OpenEHR-Arkitektur for et strukturert EPJ?",
    year    = "2012",
    note = "\url{http://www.kith.no/upload/6623/SigurdFrom-HelsIT2012-T3A-1400.pdf}",
    }  
    
@misc{MAGIC_HelsIT,
    author  = "Brandt,Linn and Kristiansen, Annette and Næss,Bjørn and Stenbæk,Thor and Vandvik,Per Olav",
    title   = "A generic model for contextualized guideline recommendations in the electronic medical record - Results from technical integration and user testing",
    year    = "2015",
    note = "\url{http://www.ntnu.no/helsit/konferansebidrag#brandt-kristiansen}",
    }  
        
@misc{Rector-SNOMED-CT-1s,
    author  = "Rector,Alan and Brandt,Sam and Schneider,Thomas",
    title   = "Getting the foot out of the pelvis: modeling problems affecting use of SNOMED CT hierarchies in practical applications",
    year    = "2011",
    note = "\url{http://jamia.oxfordjournals.org/content/jaminfo/18/4/432.full.pdf}",
    }  
    
@misc{Rector-SNOMED-CT-1,
    author    = "Rector, Alan and Brandt, Sam and Schneider, Thomas",
    title     = "Getting the foot out of the pelvis: modeling problems affecting use of SNOMED CT hierarchies in practical applications",
    date        = "2011",
    year      = "2011",

}
    
    
@misc{Rector-SNOMED-CT-2,
    author  = "Mortensen,Jonathan and Rector,Alan and Minty,Evan and Januszyk,Michael and Sweeney,Timothy and Noy,Natalya and Musen,Mark",
    title   = "Using the wisdom of the crowds to find critical errors in biomedical ontologies: a study of SNOMED CT",
    year    = "2014",
    note = "\url{http://jamia.oxfordjournals.org/content/22/3/640}",
    }  
    
@misc{Bedre_legemiddelbehandling_av_eldre,
    author  = "Anette Hylen Ranhoff and Marit Stordal Bakken and Anne Gerd Granås and Aina Langørgen and Olav Spigset and Sabine Ruths",
    title   = "Bedre legemiddelbehandling av eldre",
    year    = "2015",
    note = "\url{http://tidsskriftet.no/pdf/pdf2015/318.pdf}",
    } 
    
@misc{Den_gode_epikrise,
    author  = "Ree,Arnt Ole",
    title   = "Medisinsk-faglig innhold i epikriser - «Den gode epikrise»",
    year    = "2002",
    note = "\url{https://ehelse.no/Documents/Standarder/HIS_80232_2002_Epikrise\%20MedFagligInnhold\%202002\%20Revidert\%20Rapport\%203112021.pdf}",
    } 
    
@misc{what_is_ebm,
    author  = "Jonathan Belsey",
    title   = "What is evidence-based medicine?",
    year    = "2009",
    note = "\url{http://www.medicine.ox.ac.uk/bandolier/painres/download/whatis/ebm.pdf}",
    }
    
@misc{WHO_ICD,
    author  = "WHO",
    title   = "International Classification of Diseases (ICD)",
    year    = "2015",
    note = "\url{http://www.who.int/classifications/icd/en/}",
    }
    


@misc{DNL_klassifisering_av_legemiddelrelaterte_problemer,
    author  = "Den norske legeforening",
    title   = "Klassifisering av legemiddelrelaterte problemer",
    year    = "2007",
    note = "\url{http://tidsskriftet.no/article/1619689}"
    }
    
    

@misc{european_commission,
    author  = "European Commission",
    title   = "MEDICAL DEVICES: Guidance document - Qualification and Classification of stand alone software",
    year    = "2012",
   note = "\url{http://ec.europa.eu/health/medical-devices/files/meddev/2_1_6_ol_en.pdf}"
    }


@misc{KITH_ICD,
    author  = "Helsedirektoratet",
    title   = "Kodeverket ICD-10 (og ICD-11)",
    year    = "2015",
    note = "\url{https://helsedirektoratet.no/helsefaglige-kodeverk/kodeverket-icd-10-og-icd-11}"
    }

    
@misc{dron_2013,
    author  = "Hanna,Josh and Joseph,Eric and Brochhausen,Mathias and Hogan R William",
    title   = "Building a drug ontology based on RxNorm and other sources",
    year    = "2013",
    note = "\url{http://www.jbiomedsem.com/content/4/1/44}",
    }

@misc{cochrane1972,
    author  = "Archibald Leman Cochrane",
    title   = "Effectiveness and efficiency: Random reflections on health services",
    year    = "1972",
    note = "\url{http://www.nuffieldtrust.org.uk/sites/files/nuffield/publication/Effectiveness_and_Efficiency.pdf}",
    }
@inbook{cochrane1972s20,
	author	= "Archibald Leman Cochrane",
	title	= "Effectiveness and efficiency: Random reflections on health services",
	pages	= "20",
	publisher= "The Nuffield Provincial Hospitals Trust",
	year	= "1972",
}
    
@misc{STRIP,
    author  = "Meulendijk, Michiel and Spruit, Marco and Drenth-van Maanen, A. Clara and Numans, Mattijs and Brinkkemper, Sjaak and Jansen, Paul and Knol, Wilma  ",
    title   = "Computerized Decision Support Improves Medication Review Effectiveness: An Experiment Evaluating the STRIP Assistant's Usability",
    year    = "2015",
    note = "\url{http://www.ncbi.nlm.nih.gov/pmc/articles/PMC4469772/}",
    }
    
@misc{START_STOPP_GALLAGHER,
    author  = "Gallagher, PF and O'Connor,MN and O'Mahony,D",
    title   = "Prevention of Potentially Inappropriate Prescribing for Elderly Patients: A Randomized Controlled Trial Using STOPP/START Criteria",
    year    = "2011",
    note = "\url{http://onlinelibrary.wiley.com/doi/10.1038/clpt.2011.44/full}",
    }

@misc{IMM_i_midtnorge,
    author  = "Sykehusapoteket",
    title   = "IMM i Midt-Norge",
    year    = "2012",
    note = "\url{http://www.sykehusapoteket.no/Apotekene/Internett/Nyhetssaker/Infoskriv\%20om\%20IMM\%202012.pdf}"
    }

@misc{Femstjerner_FEST,
    author  = "Statens Legemiddelverk",
    title   = "Femstjerners FEST - åpne, lenkede data",
    year    = "2015",
    note = "\url{http://www.legemiddelverket.no/Bruk_og_raad/FEST/lenkede-aapne-data/Sider/default.aspx}",
    }

@misc{IMM_MODELLEN_TIL_NORGE,
    author  = "Anne-Lise Sagen Major, forsknings- og utviklingssjef, Sykehusapotekene i Midt-Norge HF",
    title   = "IMM-modellen til Norge",
    year    = "2012",
    note = "\url{http://www.farmatid.no/artikler/fag/imm-modellen-til-norge}",
    }


@misc{MDV6000,
    author  = "NTNU",
    title   = "MDV6000-Kurs i klinisk farmasi og farmakoterapi",
    year    = "2012",
    note = "\url{http://www.ntnu.no/videre/kurs/MDV6000_INFO_PRAKSISSTED.pdf}",
    }

@misc{ontology_101,
    author  = "Natalya F. Noy  and Deborah L. McGuinness, Stanford University, Stanford, CA",
    title   = "Ontology Development 101: A Guide to Creating Your First Ontology",
    year    = "2005",
    note = "\url{http://www.ksl.stanford.edu/people/dlm/papers/ontology101/ontology101-noy-mcguinness.html}",
    }
@misc{managing_MCC,
    author  = "Anand K. Parekh AND Richard A. Goodman AND Catherine Gordon AND Howard K. Koh",
    title   = "Managing Multiple Chronic Conditions: A Strategic Framework for Improving Health Outcomes and Quality of Life",
    year    = "2011",
    
    }
    
@misc{Researching_is,
    author  = "Oates J. Briony",
    title   = "Researching Information Systems and Computing",
    year    = "2006",
    
    }

@misc{SSB_dette_er_norge,
    author  = "SSB",
    title   = "Dette er Norge 2015 - Hva tallene forteller",
    year    = "2015",
    note = "\url{http://www.ssb.no/befolkning/artikler-og-publikasjoner/_attachment/234757?_ts=1516c743d80}",
    }

@misc{OECD_health_reform,
    author  = "OECD",
    title   = "Health Reform: Meeting the Challenge of Ageing and Multiple Morbidities, OECD
Publishing.",
    year    = "2011",
    note = "\url{http://dx.doi.org/10.1787/9789264122314-en}",
    }

@inbook{intro_expertsystems,
	author	= "Peter Jackson",
	title	= "Introduction to expert systems third edition",
	pages	= "20",
	publisher= "Addison-wesley",
	year	= "1999",
}

@misc{open_phacts_explorer,
    author = "OpenPHACTS",
    title   = "Open PHACTS",
    year = "2016",
    note = {Accessed: 2016-01-04},
    howpublished = "\url{https://explorer.openphacts.org/}",
    }


@misc{SOA_DSS,
    author  = "Nadkarni, Prakash AND Miller, Randolph",
    title   = "Service-oriented Architecture in Medical Software: Promises and Perils",
    year    = "2007",
    note = "\url{https://jamia.oxfordjournals.org/content/14/2/244.long}",
    }

@misc{Normen,
    author  = "e-helse",
    title   = "Norm for informasjonssikkerhet",
    year    = "2014",
    note = "\url{https://ehelse.no/personvern-og-informasjonssikkerhet/norm-for-informasjonssikkerhet}",
    }


https://en.wikipedia.org/wiki/Special:BookSources/


    

    


    
@misc{Information_Needs_Information_Seeking_PHC,
    author  = "Timpka, Toomas AND Ekström, Marie AND Bjurulf, Per",
    title   = "Information Needs and Information Seeking behaviour in Primary Health Care",
    year    = "1989",
    note = "\url{http://www.tandfonline.com/doi/pdf/10.3109/02813438909088656}",
    }
    
@misc{Information_Needs_Being_Met,
    author  = "Covell, David AND Uman, Gwen AND Manning, Phil",
    title   = "Information Needs in Office Practice: Are They Being Met?",
    year    = "1985",
    note = "\url{http://annals.org/article.aspx?articleid=699991}",
    }

@misc{IR_Patterns_Surgeons,
    author  = "Shelstad, Kirsten AND Clevenger, Frederick",
    title   = "Information retrieval patterns and needs among practicing general surgeons: a statewide experience",
    year    = "1996",
    note = "\url{http://www.ncbi.nlm.nih.gov/pmc/articles/PMC226187/pdf/mlab00101-0040.pdf}",
    }

@misc{Rating_Health_Information,
    author  = "Jadad, Alejandro AND Gagliardi, Anna",
    title   = "Rating Health Information on the Internet
Navigating to Knowledge or to Babel?",
    year    = "1998",
    note = "\url{http://jama.jamanetwork.com/article.aspx?articleid=187283}",
    }
    
@misc{drugs_aging_2012,
    author  = "Keith, Scott AND Maio, Vittorio AND Dudash, Kellie AND Templin, Megan AND Del Canale, Stefano",
    title   = "A Physician-Focused Intervention to Reduce Potentially Inappropriate Medication Prescribing in Older People",
    year    = "2012",
    note = "\url{http://link.springer.com/article/10.1007\%2Fs40266-012-0043-y}",
    }
    
@misc{drugs_aging_2009,
    author  = "Kaur, Sukhpreet AND Mitchell Geoffrey AND Vitetta, Luis AND Roberts, Michael",
    title   = "Interventions that can Reduce Inappropriate Prescribing in the Elderly",
    year    = "2009",
    note = "\url{http://link.springer.com/article/10.2165/11318890-000000000-00000}",
    }    
        
@misc{Clinical_Therapeutics_1996,
    author  = "Gupta, Sanjay AND Rappaport, Harvey AND Bennett, Lonnie",
    title   = "Inappropriate drug prescribing and related outcomes for elderly medicaid beneficiaries residing in nursing homes",
    year    = "1996",
    note = "\url{http://www.sciencedirect.com/science/article/pii/S0149291896801895}",
    }    
    
@misc{American_Geriatric_Society,
    author  = "Fu, Alex AND Liu, Gordon AND Christensen, Dale",
    title   = "Inappropriate Medication Use and Health Outcomes in the Elderly",
    year    = "2004",
    note = "\url{http://onlinelibrary.wiley.com/doi/10.1111/j.1532-5415.2004.52522.x/full}",
    }    

@misc{fastlegen_hjemmesykepleien_samstemming,
    author  = "Rognstad,Sture AND Straand,Jørund",
    title   = "Vet fastlegen hvilke medisiner hjemmesykepleien gir pasientene?",
    year    = "2004",
    note = "\url{http://tidsskriftet.no/article/994172}",
    } 
    
@misc{fastlegen_hjemmesykepleien_samstemming,
    author  = "Rognstad,Sture AND Straand,Jørund",
    title   = "Vet fastlegen hvilke medisiner hjemmesykepleien gir pasientene?",
    year    = "2004",
    note = "\url{http://tidsskriftet.no/article/994172}",
    }     
    
@misc{JAMA_1995,
    author  = "Lucian L. Leape AND David W. Bates AND David J. Cullen AND Jeffrey Cooper AND Harold J. Demonaco AND Theresa Gallivan AND Robert Hallisey AND Jeanette Ives AND Nan Laird AND Glenn Laffel AND Roberta Nemeskal AND Laura A. Petersen AND Kathy Porter AND Deborah Servi AND Brian F. Shea AND Stephen D. Small AND Bobbie J. Sweitzer AND B. Taylor Thompson AND Martha Vander Vliet AND David Bates AND Patricia Hojnowski-Diaz AND Stephen Petrycki AND Michael Cotugno  AND Heather Patterson  AND Mairead Hickey AND Sharon Kleefield AND Ellen Kinneally AND Margaret Dempsey Clapp AND J. Richard Hackman AND Amy Edmondson",
    title   = "Systems Analysis of Adverse Drug Events",
    year    = "1995",
    note = "\url{http://jama.jamanetwork.com/article.aspx?articleid=389137}",
    } 
    
@misc{med_rec_problem,
    author  = "Joshua M. Pevnick AND Rita Shane AND Jeffrey L. Schnipper",
    title   = "The problem with medication reconciliation",
    year    = "2016",
    note = "\url{http://qualitysafety.bmj.com/content/early/2016/01/21/bmjqs-2015-004734.long}",
    }     
    
@misc{samstemming_tidsskriftet,
    author  = "Mjelva, S U",
    title   = "«Samstemmingsprosjektet» er lansert",
    year    = "2013",
    note = "\url{http://tidsskriftet.no/article/3032154/}",
    }  
    
@misc{monitor_bipolar_semanticweb,
    author  = "Thermolia,C. AND Bei, E.S AND Petrakis, E.G.M. AND Kritsotakis, V. AND Tsiknakis, M. AND Sakkalis,V.",
    title   = "Designing a patient monitoring system for bipolar disorder using Semantic Web technologies",
    year    = "2015",
    note = "\url{http://ieeexplore.ieee.org/xpl/articleDetails.jsp?arnumber=7319952}",
    }     
@misc{semanticweb_clinical_guideline,
    author  = "Jafarpour,B. AND Abidi, S.R. AND Abidi,S.S.R.",
    title   = "Exploiting Semantic Web Technologies to Develop OWL-Based Clinical Practice Guideline Execution Engines",
    year    = "2014",
    note = "\url{http://ieeexplore.ieee.org/xpl/articleDetails.jsp?arnumber=6990486}",
    }     
https://en.wikipedia.org/wiki/Special:BookSources/


@misc{multimorbidity_trend,
    author  = "AA. Uijen",
    title   = "Multimorbidity in primary care: Prevalence and trend over the last 20 years",
    year    = "2008",
    note = "\url{http://www.tandfonline.com/doi/abs/10.1080/13814780802436093}",
    }
    
    
@misc{innovathon_helsit,
    author="Aslak Steinsbekk AND Hermann Ørn Vidarsson",
    title = "Å hjelpe den ene ved å lære fra mange",
    note = "\url{http://www.ntnu.no/helsit/innovathon}"
  
    }
    
@misc{min_disruptie_medicine,
author = " Carl May AND Victor M Montori AND Frances S Mair",
title = "We need minimally disruptive medicine",
year = "2009",
note = "\url{http://www.bmj.com/content/339/bmj.b2803.long}"
}





@misc{GPS_perspective_multimor
,
author = "Carol Sinnott AND Sheena Mc Hugh AND John Browne AND Colin Bradley",
title = "GPs’ perspectives on the management of patients with multimorbidity: systematic review and synthesis of qualitative research",
year = "2013",
note = "\url{http://bmjopen.bmj.com/content/3/9/e003610.full}"
}

@misc{anders_grimsmo
,
author = "Anders Grimsmo",
title = "Faglige retningslinjer for pasienter med flere roniske sykdommer",
year = "2014",
note = "\url{http://www.kvalitetogprioritering.no/saker/_attachment/15609?_download=true&_ts=14660cfa7a6}"
}
@misc{norske_legeforening,
    author = "Ruths, S. AND K.K. Viktil AND H.S. Blix,",
    title = "Klassifisering av legemiddelrelaterte problemer",
    year = "2007",
    note = "\url{http://tidsskriftet.no/article/1619689}"
    }


@misc{kvalitetogprioritering_multisyke
,
author = "Hege Wang",
title = "Multisyke pasienter i primærhelsetjenensten - Saksfremlegg",
year = "2014",
note = "\url{http://www.kvalitetogprioritering.no/saker/_attachment/15721?_download=true&_ts=14b598c936e}"
}

@misc{Legemiddelberedskap_sykehusapotekene,
    author  = "HF Sykehusapotekene",
    title   = "Legemiddelberedskap - Veileder utarbeidet av Sykehusapotekene
HF etter oppdrag fra Helse Sør-Øst RHF",
    year    = "2014",
    note = "\url{http://www.sykehusapotekene.no/fagfolk_/legemiddelforsyning_/Documents/Veileder\%20om\%20legemiddelberedskap\%20v\%201\%201.pdf}",
    }
    
@inproceedings{rost2014development,
  title={Development of a Medication Reconciliation Tool for Norwegian Primary Care EPR Systems: Experiences from a User-initiated Project.},
  author={R{\o}st, Thomas Brox and S{\o}rby, Inger Dybdahl and Seland, Gry},
  booktitle={PAHI},
  pages={53--62},
  year={2014},
  organization={Citeseer}
}


@misc{SMART,
    author  = "Alagiakrishnan, K AND Wilson, P AND Sadowski, CA AND Rolfson, D AND Ballermann, M AND Ausford, A AND Vermeer, K AND Mohindra, K AND Romney, J AND Hayward, RS",
    title   = "Physician's use of computerized clinical decision supports to improve medication management in the elderly - the Seniors Medication Alert and Review Technology intervention",
    year    = "2016",
    note = "\url{https://www.dovepress.com/physiciansrsquo-use-of-computerized-clinical-decision-supports-to-impr-peer-reviewed-fulltext-article-CIA}",
    }
    
 
@misc{apotekforeningen_fakta_om_legemiddelbruk,
    author  = "Apotekforeningen",
    title   = "Fakta om feil legemiddelbruk",
    year    = "2014",
    note = "\url{http://www.apotek.no/Default.aspx?ID=2791&Action=1&NewsId=1092&PID=9560}",
    }
    
    
    
        @misc{81prosent_LRP,
    author = "Blix, H.S. and Viktil, K.K. and Reikvam, A. and Moger, T.A. and Hjemaas, B.J. and Pretsch, P. and Vraalsen, T.F. and Walseth, E.K",
    titel = "The majority of hospitalised patients have drug-related problems: results from a prospective study in general hospitals",
    year = "2004",
    note = "\url{http://link.springer.com/article/10.1007\%2Fs00228-004-0830-4}"
    }
    
      @misc{Uijen_Lisdonk,
    author = "Uijen, Annemarie and Lisdonk, van de Eloy",
    title = "Multimorbidity in primary care: Prevalence and trend over the last 20 years",
    year = "2008",
    note = "\url{http://www.tandfonline.com/doi/full/10.1080/13814780802436093}"
    }
    
     
      @misc{Ulfvarson,
    author = "Ufvarson, Johanna and Bardage, Carola and Wredling,Regina and Von Bahr, Christer and Adami, Johanna",
    title = "Multimorbidity in primary care: Prevalence and trend over the last 20 years",
    year = "2007",
    note = "\url{http://dx.doi.org/10.1111/j.1365-2702.2005.01477.x}"
    }
    
    
      @misc{Cook_Sorensen_2013,
    author = "Cook,David A AND Sorensen,Kristi J. and Hersh,William and Berger, Richard A. and Wilkinson,John M.",
    title = "Features of Effective Medical Knowledge Resources to Support Point of Care Learning: A Focus Group Study",
    year = "2013",
    note = "\url{http://www.ncbi.nlm.nih.gov/pmc/articles/PMC3840020/}"
    }
 @misc{Rahmner_Eiermann_2012,
    author = "Rahmner, PB and Eiermann,B and Korkmaz,S and Gustafsson,LL and Gruvén,M and Maxwell,S and Eichle,HG and Vég,A",
    title = "Physicians' reported needs of drug information at point of care in Sweden",
    year = "2012",
    note = "\url{http://www.ncbi.nlm.nih.gov/pubmed/21714807}"
    }

 @misc{Hellden_Al-Aieshy_2015,
    author = "Helldén,A and Al-Aieshy,F and Bastholm-Rahmner,P and Bergman,U and Gustafsson,LL and Höök,H and Sjöviker,S and Söderström,A and Odar-Cederlöf,I",
    title = "Development of a computerised decisions support system for renal risk drugs targeting primary care",
    year = "2015",
    note = "\url{http://www.ncbi.nlm.nih.gov/pmc/articles/PMC4499680/}"
    }
    
     @misc{Shemeikka_Bastholm-Rahmner_2015,
    author = "Shemeikka,Tero and Bastholm-Rahmner,Pia and Elinder,Carl-Gustaf and Vég,Anikó and Törnqvist,Elisabeth and Cornelius,Birgitta and Korkmaz,Seher",
    title = "A health record integrated clinical decision support system to support prescriptions of pharmaceutical drugs in patients with reduced renal function: Design,development and proof of concept",
    year = "2015",
    note = "\url{http://www.sciencedirect.com/science/article/pii/S1386505615000520}"
    }
    
 @misc{Boyce_Freimuth_2013,
    author = "Boyce,RD and Freimuth,RR and Romagnoli,KM and Pummer,T and Hochheiser,H and Empey,PE",
    title = "Toward semantic modeling of pharmacogenomic knowledge for clinical and translational decision support.",
    year = "2013",
    note = "\url{http://www.ncbi.nlm.nih.gov/pubmed/24303292}"
    }
    
     @misc{Ratnam_2014,
    author = "Ratnam,J and Zdrazil,B and Digles,D and Cuadrado-Rodriguez,E and Neefs,JM and Tipney,H and Siebes,R and Waagmeester,A and Bradley,G and Chau,CH and Richter,L and Brea,J and Evelo,CT and Jacoby,E and Senger,S and Loza,MI and Ecker,GF and Chichester,C",
    title = "The application of the open pharmacological concepts triple store (open PHACTS) to support drug discovery research.",
    year = "2014",
    note = "\url{http://www.ncbi.nlm.nih.gov/pubmed/25522365}"
    }
    
    @misc{tjora,
    author = "Tjora, Aksel",
    title = "Kvalitative forskningsmetoder i praksis",
    year = "2011"
    }
    
    @misc{forskrift_legemiddelhandtering,
    author="Helsedirektoratet",
    year="2015",
    title="Legemiddelhåndteringsforskriften med kommentarer",
    note="\url{https://helsedirektoratet.no/Lists/Publikasjoner/Attachments/942/Rundskriv\%20Legemiddelh\%C3\%A5ndteringsforskriften\%20IS-7\%202015.pdf}"
    }